<?xml version="1.0" encoding="UTF-8"?><collection xmlns="http://www.loc.gov/MARC21/slim"><record><leader>00449nam--2200121-i-4500</leader><controlfield tag="001">000007460</controlfield><controlfield tag="002">20161230</controlfield><controlfield tag="005">20161230201027</controlfield><controlfield tag="008">060222s1000------------r-----000-0-eng-d</controlfield><datafield ind1=" " ind2=" " tag="100"><subfield code="a">Aubert, Maurice</subfield></datafield><datafield ind1=" " ind2=" " tag="245"><subfield code="a">Interpretation des cartes gravimetriques ou magnetiques par integrateur analogique de flux lumineux. role de l,anisotropie dans les sondages electriques</subfield></datafield><datafield ind1=" " ind2=" " tag="260"><subfield code="a">Paris, La Faculte Des Sciences De L Universi- Te, 1965, 65 P</subfield></datafield><datafield ind1=" " ind2=" " tag="852"><subfield code="a">22795</subfield></datafield></record></collection>